@MISC {block_dude_desc,
    TITLE = {BlockDude JavaDoc},
    AUTHOR = {James MacGlashan},
    NOTE = {URL:http://burlap.cs.brown.edu/doc/burlap/domain/singleagent/blockdude/BlockDude.html (accessed: 2021-11-23)},
    EPRINT = {http://burlap.cs.brown.edu/doc/burlap/domain/singleagent/blockdude/BlockDude.html},
    URL = {http://burlap.cs.brown.edu/doc/burlap/domain/singleagent/blockdude/BlockDude.html}
}

@book{textbook,
  author = {Stuart Russell and Peter Norvig},
  year = {2009},
  title = {Artifical Intelligence: A Modern Approach},
  publisher = {Pearson Education},
  edition = {Third}
}

@book{ml_textbook,
  author = {Tom M. Mitchell},
  year = {1997},
  title = {Machine Learning},
  publisher = {McGraw-Hill}
}